@article{Lin14,
  author    = {Tsung{-}Yi Lin and
               Michael Maire and
               Serge J. Belongie and
               Lubomir D. Bourdev and
               Ross B. Girshick and
               James Hays and
               Pietro Perona and
               Deva Ramanan and
               Piotr Doll{\'{a}}r and
               C. Lawrence Zitnick},
  title     = {Microsoft {COCO:} Common Objects in Context},
  journal   = {CoRR},
  volume    = {abs/1405.0312},
  year      = {2014},
  url       = {http://arxiv.org/abs/1405.0312},
  archivePrefix = {arXiv},
  eprint    = {1405.0312},
  timestamp = {Mon, 13 Aug 2018 16:48:13 +0200},
  biburl    = {https://dblp.org/rec/bib/journals/corr/LinMBHPRDZ14},
  bibsource = {dblp computer science bibliography, https://dblp.org}
}

@article{Ghorbani18,
  title={Interpretation of Neural Networks is Fragile},
  author={Amirata Ghorbani and Abubakar Abid and James Y. Zou},
  journal={CoRR},
  year={2018},
  volume={abs/1710.10547}
}

@article{Ghorbani19,
  title={Interpretation of Neural Networks is Fragile},
  author={Amirata Ghorbani and Abubakar Abid and James Y. Zou},
  journal={CoRR},
  year={2018},
  volume={abs/1710.10547}
}

@article{Kindermans18,
  title={The (Un)reliability of saliency methods},
  author={Pieter-Jan Kindermans and Sara Hooker and Julius Adebayo and Maximilian Alber and Kristof T. Sch{\"u}tt and Sven D{\"a}hne and Dumitru Erhan and Been Kim},
  journal={CoRR},
  year={2018},
  volume={abs/1711.00867}
}

@inproceedings{Adebayo18,
  title={Sanity Checks for Saliency Maps},
  author={Julius Adebayo and Justin Gilmer and Michael Muelly and Ian J. Goodfellow and Moritz Hardt and Been Kim},
  booktitle={NeurIPS},
  year={2018}
}

@article{Hooker18,
  author    = {Sara Hooker and Dumitru Erhan and Pieter{-}Jan Kindermans and Been Kim},
  title     = {Evaluating Feature Importance Estimates},
  journal   = {CoRR},
  volume    = {abs/1806.10758},
  year      = {2018},
  url       = {http://arxiv.org/abs/1806.10758},
  archivePrefix = {arXiv},
  eprint    = {1806.10758},
}

@inproceedings{Nie18,
  title={A Theoretical Explanation for Perplexing Behaviors of Backpropagation-based Visualizations},
  author={Weili Nie and Yonghui Zhang and Ankit Patel},
  booktitle={ICML},
  year={2018}
}

@inproceedings{Alvarez18,
  title={Towards Robust Interpretability with Self-Explaining Neural Networks},
  author={David Alvarez-Melis and Tommi S. Jaakkola},
  booktitle={NeurIPS},
  year={2018}
}

@article{Yeh19,
  title={How Sensitive are Sensitivity-Based Explanations?},
  author={Chih-Kuan Yeh and Cheng-Yu Hsieh and Arun Sai Suggala and David I. Inouye and Pradeep Ravikumar},
  journal={CoRR},
  year={2019},
}

@inproceedings{Sundararajan17,
  title={Axiomatic Attribution for Deep Networks},
  author={Mukund Sundararajan and Ankur Taly and Qiqi Yan},
  booktitle={ICML},
  year={2017}
}

@article{Samek17,
    author = {Samek, Wojciech and Binder, Alexander and Montavon, Gregoire and Lapuschkin, Sebastian and MÃ¼ller, Klaus-Robert},
    year = {2017},
    month = {11},
    pages = {2660-2673},
    title = {Evaluating the Visualization of What a Deep Neural Network Has Learned},
    volume = {28},
    journal = {IEEE Transactions on Neural Networks and Learning Systems},
}

@inproceedings{Fong17,
  title={Interpretable Explanations of Black Boxes by Meaningful Perturbation},
  author={Ruth Fong and Andrea Vedaldi},
  year={2017}
}

@inproceedings{Ancona18,
  title={Towards better understanding of gradient-based attribution methods for Deep Neural Networks},
  author={Marco B Ancona and Enea Ceolini and Cengiz Oztireli and Markus H. Gross},
  booktitle={ICLR},
  year={2018}
}

@inproceedings{Kim18,
  title={Interpretability Beyond Feature Attribution: Quantitative Testing with Concept Activation Vectors (TCAV)},
  author={Been Kim and Martin Wattenberg and Justin Gilmer and Carrie J. Cai and James Wexler and Fernanda B. Vi{\'e}gas and Rory Sayres},
  booktitle={ICML},
  year={2018}
}

@article{Selvaraju16,
  title={Grad-CAM: Why did you say that?},
  author={Ramprasaath R. Selvaraju and Abhishek Das and Ramakrishna Vedantam and Michael Cogswell and Devi Parikh and Dhruv Batra},
  journal={CoRR},
  year={2016},
  volume={abs/1611.07450}
}

@article{Simonyan13,
  title={Deep Inside Convolutional Networks: Visualising Image Classification Models and Saliency Maps},
  author={Karen Simonyan and Andrea Vedaldi and Andrew Zisserman},
  journal={CoRR},
  year={2013},
  volume={abs/1312.6034}
}

@inproceedings{Erhan09,
  title={Visualizing Higher-Layer Features of a Deep Network},
  author={Dumitru Erhan and Yoshua Bengio and Aaron C. Courville and Pascal Vincent},
  year={2009}
}

@article{Baehrens10,
  title={How to Explain Individual Classification Decisions},
  author={David Baehrens and Timon Schroeter and Stefan Harmeling and Motoaki Kawanabe and Katja Hansen and Klaus-Robert M{\"u}ller},
  journal={Journal of Machine Learning Research},
  year={2010},
  volume={11},
  pages={1803-1831}
}

@article{Smilkov17,
  title={SmoothGrad: removing noise by adding noise},
  author={Daniel Smilkov and Nikhil Thorat and Been Kim and Fernanda B. Vi{\'e}gas and Martin Wattenberg},
  journal={CoRR},
  year={2017},
  volume={abs/1706.03825}
}

@article{Springenberg14,
  title={Striving for simplicity: The all convolutional net},
  author={Springenberg, Jost Tobias and Dosovitskiy, Alexey and Brox, Thomas and Riedmiller, Martin},
  journal={arXiv preprint arXiv:1412.6806},
  year={2014}
}

@article{Shrikumar16,
  title={Not Just a Black Box: Learning Important Features Through Propagating Activation Differences},
  author={Avanti Shrikumar and Peyton Greenside and Anna Shcherbina and Anshul Kundaje},
  journal={CoRR},
  year={2016},
  volume={abs/1605.01713}
}

 @article{Zhou17,
   title={Places: A 10 million Image Database for Scene Recognition},
   author={Zhou, Bolei and Lapedriza, Agata and Khosla, Aditya and Oliva, Aude and Torralba, Antonio},
   journal={IEEE Transactions on Pattern Analysis and Machine Intelligence},
   year={2017},
   publisher={IEEE}
 }
 
 @inproceedings{he2016deep,
  title={Deep residual learning for image recognition},
  author={He, Kaiming and Zhang, Xiangyu and Ren, Shaoqing and Sun, Jian},
  booktitle={Proceedings of the IEEE conference on computer vision and pattern recognition},
  pages={770--778},
  year={2016}
}
@inproceedings{abadi2016tensorflow,
  title={Tensorflow: A system for large-scale machine learning},
  author={Abadi, Mart{\'\i}n and Barham, Paul and Chen, Jianmin and Chen, Zhifeng and Davis, Andy and Dean, Jeffrey and Devin, Matthieu and Ghemawat, Sanjay and Irving, Geoffrey and Isard, Michael and others},
  booktitle={12th $\{$USENIX$\}$ Symposium on Operating Systems Design and Implementation ($\{$OSDI$\}$ 16)},
  pages={265--283},
  year={2016}
}
@inproceedings{zeiler2014visualizing,
  title={Visualizing and understanding convolutional networks},
  author={Zeiler, Matthew D and Fergus, Rob},
  booktitle={European conference on computer vision},
  pages={818--833},
  year={2014},
  organization={Springer}
}


@article{genone2012concept,
  title={Concept possession, experimental semantics, and hybrid theories of reference},
  author={Genone, James and Lombrozo, Tania},
  journal={Philosophical Psychology},
  volume={25},
  number={5},
  pages={717--742},
  year={2012},
  publisher={Taylor \& Francis}
}

@article{Russakovsky15,
  title={ImageNet Large Scale Visual Recognition Challenge},
  author={Olga Russakovsky and Jia Deng and Hao Su and Jonathan Krause and Sanjeev Satheesh and Sean Ma and Zhiheng Huang and Andrej Karpathy and Michael S. Bernstein and Li Fei-Fei and Alexander C. Berg and Aditya Khosla},
  journal={Springer US},
  year={2015}
}

@inproceedings{Lakkaraju16,
  title={Interpretable decision sets: A joint framework for description and prediction},
  author={Lakkaraju, Himabindu and Bach, Stephen H and Leskovec, Jure},
  booktitle={Proceedings of the 22nd ACM SIGKDD international conference on knowledge discovery and data mining},
  pages={1675--1684},
  year={2016},
  organization={ACM}
}

@inproceedings{Ribeiro16,
  title={Why should i trust you?: Explaining the predictions of any classifier},
  author={Ribeiro, Marco Tulio and Singh, Sameer and Guestrin, Carlos},
  booktitle={Proceedings of the 22nd ACM SIGKDD international conference on knowledge discovery and data mining},
  pages={1135--1144},
  year={2016},
  organization={ACM}
}

@article{Doshi17,
  title={Towards a rigorous science of interpretable machine learning},
  author={Doshi-Velez, Finale and Kim, Been},
  journal={arXiv preprint arXiv:1702.08608},
  year={2017}
}

@inproceedings{Lage18,
  title={Human-in-the-loop interpretability prior},
  author={Lage, Isaac and Ross, Andrew and Gershman, Samuel J and Kim, Been and Doshi-Velez, Finale},
  booktitle={Advances in Neural Information Processing Systems},
  pages={10159--10168},
  year={2018}
}

@article{Narayanan18,
  title={How do humans understand explanations from machine learning systems? an evaluation of the human-interpretability of explanation},
  author={Narayanan, Menaka and Chen, Emily and He, Jeffrey and Kim, Been and Gershman, Sam and Doshi-Velez, Finale},
  journal={arXiv preprint arXiv:1802.00682},
  year={2018}
}

@article{Poursabzi18,
  title={Manipulating and measuring model interpretability},
  author={Poursabzi-Sangdeh, Forough and Goldstein, Daniel G and Hofman, Jake M and Vaughan, Jennifer Wortman and Wallach, Hanna},
  journal={arXiv preprint arXiv:1802.07810},
  year={2018}
}

@article{Jacobsen18,
  title={Excessive invariance causes adversarial vulnerability},
  author={Jacobsen, J{\"o}rn-Henrik and Behrmann, Jens and Zemel, Richard and Bethge, Matthias},
  journal={arXiv preprint arXiv:1811.00401},
  year={2018}
}

@article{Engstrom19,
  title={Learning Perceptually-Aligned Representations via Adversarial Robustness},
  author={Engstrom, Logan and Ilyas, Andrew and Santurkar, Shibani and Tsipras, Dimitris and Tran, Brandon and Madry, Aleksander},
  journal={arXiv preprint arXiv:1906.00945},
  year={2019}
}

@article{Heo19,
  title={Fooling Neural Network Interpretations via Adversarial Model Manipulation},
  author={Heo, Juyeon and Joo, Sunghwan and Moon, Taesup},
  journal={arXiv preprint arXiv:1902.02041},
  year={2019}
}
