%% This BibTeX bibliography file was created using BibDesk.
%% http://bibdesk.sourceforge.net/


%% Created for Hongli Zeng at 2015-06-08 10:27:00 +0200 


%% Saved with string encoding Unicode (UTF-8) 

%% --- diggle : longitudinal data analysis
@book{diggle1990time,
  title={Time series: a biostatistical introduction},
  author={Diggle, Peter},
  year={1990},
  publisher={Oxford University Press}
}

@book{diggle2002analysis,
	Author = {Diggle, Peter and Heagerty, Patrick and Liang, Kung-Yee and Zeger, Scott},
	Keywords = {analysis of longitudinal data (in introduction)},
	Publisher = {Oxford University Press},
	Title = {Analysis of longitudinal data},
	Year = {2002}}
	
%% ---- curse of dimensionality	
@article{hughes1968mean,
  title={On the mean accuracy of statistical pattern recognizers},
  author={Hughes, Gordon P},
  journal={Information Theory, IEEE Transactions on},
  volume={14},
  number={1},
  pages={55--63},
  year={1968},
  publisher={IEEE}
}

@article{oommen2008objective,
  title={An objective analysis of support vector machine based classification for remote sensing},
  author={Oommen, Thomas and Misra, Debasmita and Twarakavi, Navin KC and Prakash, Anupma and Sahoo, Bhaskar and Bandopadhyay, Sukumar},
  journal={Mathematical geosciences},
  volume={40},
  number={4},
  pages={409--424},
  year={2008},
  publisher={Springer}
}

%% --- SVM: current standard incarnation (soft margin) was proposed by Corinna Cortes and Vapnik in 1993 and published in 1995
@article{cortes1995support,
  title={Support-vector networks},
  author={Cortes, Corinna and Vapnik, Vladimir},
  journal={Machine learning},
  volume={20},
  number={3},
  pages={273--297},
  year={1995},
  publisher={Springer}
}

@book{vapnik1998statistical,
  title={Statistical learning theory},
  author={Vapnik, Vladimir Naumovich and Vapnik, Vlamimir},
  volume={1},
  year={1998},
  publisher={Wiley New York}
}

@article{vapnik1999overview,
  title={An overview of statistical learning theory},
  author={Vapnik, Vladimir N},
  journal={Neural Networks, IEEE Transactions on},
  volume={10},
  number={5},
  pages={988--999},
  year={1999},
  publisher={IEEE}
}




%% --- LDA for Longitudinal data
@article{marsallbaron00,
  title={Linear discriminant models for unbalanced longitudinal data},
  author={Marshall, Guillermo and Bar{\'o}n, Anna E},
  journal={Statistics in medicine},
  volume={19},
  number={15},
  pages={1969--1981},
  year={2000},
  publisher={Wiley Online Library}
}

%% --- FLDA
@article{jameshastie2001,
 	 title={Functional linear discriminant analysis for irregularly sampled curves},
 	 author={James, Gareth M and Hastie, Trevor J},
 	 journal={Journal of the Royal Statistical Society: Series B (Statistical Methodology)},
 	 volume={63},
 	 number={3},
 	 pages={533--550},
 	 year={2001},
  	publisher={Wiley Online Library}}
	
@book{ramsaysilverman2005,
 	 title={Functional Data Analysis},
  	author={Ramsay, James O and Silverman, Bernard W},
  	year={2005},
 	publisher={Springer New York}}




%% --- analysis of longitudinal data with SVM-like methods 
@article{biau2005functional,
  title={Functional classification in Hilbert spaces},
  author={Biau, G{\'e}rard and Bunea, Florentina and Wegkamp, Marten H},
  journal={Information Theory, IEEE Transactions on},
  volume={51},
  number={6},
  pages={2163--2172},
  year={2005},
  publisher={IEEE}
}


@article{suykens1999least,
  title={Least squares support vector machine classifiers},
  author={Suykens, Johan AK and Vandewalle, Joos},
  journal={Neural processing letters},
  volume={9},
  number={3},
  pages={293--300},
  year={1999},
  publisher={Springer}
}

@article{luts2012mixedLSSVM,
  title={A mixed effects least squares support vector machine model for classification of longitudinal data},
  author={Luts, Jan and Molenberghs, Geert and Verbeke, Geert and Van Huffel, Sabine and Suykens, Johan AK},
  journal={Computational Statistics \& Data Analysis},
  volume={56},
  number={3},
  pages={611--628},
  year={2012},
  publisher={Elsevier}}
  
  
@article{mitchell2004svc,
  title={Learning to decode cognitive states from brain images},
  author={Mitchell, Tom M and Hutchinson, Rebecca and Niculescu, Radu S and Pereira, Francisco and Wang, Xuerui and Just, Marcel and Newman, Sharlene},
  journal={Machine Learning},
  volume={57},
  number={1-2},
  pages={145--175},
  year={2004},
  publisher={Springer}
}

%% --- artificial selection /selection response
@article{falconer1996introduction,
  title={Introduction to quantitative genetics (4th edn)},
  author={Falconer, Douglas S and Mackay, Trudy FC and Frankham, Richard},
  journal={Trends in Genetics},
  volume={12},
  number={7},
  pages={280},
  year={1996},
  publisher={[Amsterdam, The Netherlands: Elsevier Science Publishers (Biomedical Division)], c1985-}
}

%% ---  this is a review paper which listed some statistical learning methiods for the longitudinal HD data.
@article{chen2014LSVC, 
  title={Some recent statistical learning methods for longitudinal high-dimensional data},
  author={Chen, Shuo and Grant, Edward and Wu, Tong Tong and Bowman, F DuBois},
  journal={Wiley Interdisciplinary Reviews: Computational Statistics},
  volume={6},
  number={1},
  pages={10--18},
  year={2014},
  publisher={Wiley Online Library}
}

@article{chen2011lsvc,
  title={A novel support vector classifier for longitudinal high-dimensional data and its application to neuroimaging data},
  author={Chen, Shuo and DuBois Bowman, F},
  journal={Statistical Analysis and Data Mining: The ASA Data Science Journal},
  volume={4},
  number={6},
  pages={604--611},
  year={2011},
  publisher={Wiley Online Library}
}

%% --- margin function 

@article{sabato2013distribution,
  title={Distribution-dependent sample complexity of large margin learning},
  author={Sabato, Sivan and Srebro, Nathan and Tishby, Naftali},
  journal={The Journal of Machine Learning Research},
  volume={14},
  number={1},
  pages={2119--2149},
  year={2013},
  publisher={JMLR. org}
}


%% --- significance test
@book{fisher1925statistical,
  title={Statistical methods for research workers},
  author={Fisher, Ronald Aylmer},
  year={1925},
  publisher={Genesis Publishing Pvt Ltd}
}

@book{cumming2013understanding,
  title={Understanding the new statistics: Effect sizes, confidence intervals, and meta-analysis},
  author={Cumming, Geoff},
  year={2013},
  publisher={Routledge}
}





%% --- LDA
@book{venables2002modernLDA,
	Author = {Venables, William N and Ripley, Brian D},
	Keywords = {LDA_source},
	Publisher = {Springer Science \& Business Media},
	Title = {Modern applied statistics with S},
	Year = {2002}}


%% --- Cross validation
@article{efron1997improvements,
  	title={Improvements on cross-validation: the 632+ bootstrap method},
 	author={Efron, Bradley and Tibshirani, Robert},
  	journal={Journal of the American Statistical Association},
  	volume={92},
  	number={438},
  	pages={548--560},
  	year={1997},
  	publisher={Taylor \& Francis}}

@book{scholkopf2002learning,
	title={Learning with kernels: Support vector machines, regularization, optimization, and beyond},
  	Author = {Sch{\"o}lkopf, Bernhard and Smola, Alexander J},
  	year={2002},
  	publisher={MIT press}}


@book{hastie2009elements,
  	title={The elements of statistical learning},
  	author={Hastie, Trevor and Tibshirani, Robert and Friedman, Jerome and Hastie, T and Friedman, J and Tibshirani, R},
  	volume={2},
  	number={1},
  	year={2009},
  	publisher={Springer}}
	

%% --- Permutation tests 	for medical images

@book{fisher1960design,
  title={The design of experiments},
  author={Fisher, Sir Ronald Aylmer and Genetiker, Statistiker and Fisher, Ronald Aylmer and Genetician, Statistician and Fisher, Ronald Aylmer and G{\'e}n{\'e}ticien, Statisticien},
  volume={12},
  number={6},
  year={1960},
  publisher={Oliver and Boyd Edinburgh}
}

@booklet{golland2003permutation,
	Author = {Golland, Polina and Fischl, Bruce},
	Howpublished = {Information processing in medical imaging(Springer)},
	Keywords = {medicine image processing},
	Title = {Permutation tests for classification: towards statistical significance in image-based studies},
	Year = {2003}}

@book{criminisi2013decision,
	Author = {Criminisi, Antonio and Shotton, Jamie},
	Publisher = {Springer Science \& Business Media},
	Title = {Decision forests for computer vision and medical image analysis},
	Year = {2013}}

@article{statistical_significancemapSVM,
	Author = {Bilwaj Gaonkar and Christos Davatzikos},
	Journal = {Med Image Comput Comput Assist Interv.},
	Keywords = {significance maps SVM},
	Number = {01},
	Pages = {723-730},
	Title = {Deriving statistical significance maps for SVM based image classification and group comparisons},
	Volume = {15},
	Year = {2012}}
	
	
	
%% --- multiple comparison	
@book{rupert2012simultaneous,
  title={Simultaneous statistical inference},
  author={Rupert Jr, G and others},
  year={2012},
  publisher={Springer Science \& Business Media}
}

%% --- multiple testing Bonferroni
@book{bonferroni1936teoria,
  title={Teoria statistica delle classi e calcolo delle probabilita},
  author={Bonferroni, Carlo E},
  year={1936},
  publisher={Libreria internazionale Seeber}
}

%% --- multiple testing BY

@article{benjamini2001control,
  title={The control of the false discovery rate in multiple testing under dependency},
  author={Benjamini, Yoav and Yekutieli, Daniel},
  journal={Annals of statistics},
  pages={1165--1188},
  year={2001},
  publisher={JSTOR}
}
	
	
%% --- multiple testing BH
@article{benjamini1995controlling,
  title={Controlling the false discovery rate: a practical and powerful approach to multiple testing},
  author={Benjamini, Yoav and Hochberg, Yosef},
  journal={Journal of the Royal Statistical Society. Series B (Methodological)},
  pages={289--300},
  year={1995},
  publisher={JSTOR}
}




%% --- ML for medical images
@article{wernick2010MLimage,
  title={Machine learning in medical imaging},
  author={Wernick, Miles N and Yang, Yongyi and Brankov, Jovan G and Yourganov, Grigori and Strother, Stephen C},
  journal={Signal Processing Magazine, IEEE},
  volume={27},
  number={4},
  pages={25--38},
  year={2010},
  publisher={IEEE}
}



@article{MRimgeofbrain_tests_by_permutation,
	Author = {Edward T. Bullmore, John Suckling, Stephan Overmeyer, Sophia Rabe-Hesketh, Eric Taylor, and Michael J. Brammer},
	Journal = {IEEE TRANSACTIONS ON MEDICAL IMAGING},
	Keywords = {Brain, imaging/mapping, probability distributions, statistics},
	Month = {January},
	Number = {1},
	Title = {Global, Voxel, and Cluster Tests, by Theory and Permutation, for a Difference Between Two Groups of Structural MR Images of the Brain},
	Volume = {18},
	Year = {1999}}

@conference{signi.test_SVregression_medical_image,
	Author = {Bilwaj Gaonkar, Aristeidis Sotiras, and Christos Davatzikos},
	Booktitle = {Pattern Recognition in Neuroimaging (PRNI)},
	Journal = {doi:10.1109/PRNI.2013.13},
	Keywords = {significance/Permutation testing; Support Vector Regression},
	Organization = {Int Workshop Pattern Recognit Neuroimaging},
	Pages = {13},
	Rating = {1},
	Title = {Deriving statistical significance maps for support vector regression using medical imaging data},
	Year = {2013}}
	
	
@article{bshary2014social,
  title={Social cognition in fishes},
  author={Bshary, Redouan and Gingins, Simon and Vail, Alexander L},
  journal={Trends in cognitive sciences},
  volume={18},
  number={9},
  pages={465--471},
  year={2014},
  publisher={Elsevier}
}


@article{kotrschal2013artificial,
  title={Artificial selection on relative brain size in the guppy reveals costs and benefits of evolving a larger brain},
  author={Kotrschal, Alexander and Rogell, Bj{\"o}rn and Bundsen, Andreas and Svensson, Beatrice and Zajitschek, Susanne and Br{\"a}nnstr{\"o}m, Ioana and Immler, Simone and Maklakov, Alexei A and Kolm, Niclas},
  journal={Current Biology},
  volume={23},
  number={2},
  pages={168--171},
  year={2013},
  doi = {10.1016/j.cub.2012.11.058},
  publisher={Elsevier}
}


@article{kotrschal2015positive,
  title={Positive genetic correlation between brain size and sexual traits in male guppies artificially selected for brain size},
  author={Kotrschal, Alexander and Corral-Lopez, Alberto and Zajitschek, Susanne and Immler, Simone and Maklakov, Alexei A and Kolm, Niclas},
  journal={Journal of evolutionary biology},
  volume={28},
  number={4},
  pages={841--850},
  doi={10.1111/jeb.12608},
  year={2015},
  publisher={Wiley Online Library}
}

@article{kotrschal2015larger,
  title={A larger brain confers a benefit in a spatial mate search learning task in male guppies},
  author={Kotrschal, Alexander and Corral-Lopez, Alberto and Amcoff, Mirjam and Kolm, Niclas},
  journal={Behavioral Ecology},
  pages={aru227.~},
  year={2014},
  doi={10.1093/beheco/aru227},
  publisher={ISBE}
}
