@String(PAMI = {IEEE Trans. Pattern Anal. Mach. Intell.})
@String(IJCV = {Int. J. Comput. Vis.})
@String(CVPR= {IEEE Conf. Comput. Vis. Pattern Recog.})
@String(ICCV= {Int. Conf. Comput. Vis.})
@String(ECCV= {Eur. Conf. Comput. Vis.})
@String(NIPS= {Adv. Neural Inform. Process. Syst.})
@String(ICPR = {Int. Conf. Pattern Recog.})
@String(BMVC= {Brit. Mach. Vis. Conf.})
@String(TOG= {ACM Trans. Graph.})
@String(TIP  = {IEEE Trans. Image Process.})
@String(TVCG  = {IEEE Trans. Vis. Comput. Graph.})
@String(TMM  = {IEEE Trans. Multimedia})
@String(ACMMM= {ACM Int. Conf. Multimedia})
@String(ICME = {Int. Conf. Multimedia and Expo})
@String(ICASSP=	{ICASSP})
@String(ICIP = {IEEE Int. Conf. Image Process.})
@String(ACCV  = {ACCV})
@String(ICLR = {Int. Conf. Learn. Represent.})
@String(IJCAI = {IJCAI})
@String(PR   = {Pattern Recognition})
@String(AAAI = {AAAI})
@String(CVPRW= {IEEE Conf. Comput. Vis. Pattern Recog. Worksh.})
@String(CSVT = {IEEE Trans. Circuit Syst. Video Technol.})

@String(SPL	= {IEEE Sign. Process. Letters})
@String(VR   = {Vis. Res.})
@String(JOV	 = {J. Vis.})
@String(TVC  = {The Vis. Comput.})
@String(JCST  = {J. Comput. Sci. Tech.})
@String(CGF  = {Comput. Graph. Forum})
@String(CVM = {Computational Visual Media})


@String(PAMI  = {IEEE TPAMI})
@String(IJCV  = {IJCV})
@String(CVPR  = {CVPR})
@String(ICCV  = {ICCV})
@String(ECCV  = {ECCV})
@String(NIPS  = {NeurIPS})
@String(ICPR  = {ICPR})
@String(BMVC  =	{BMVC})
@String(TOG   = {ACM TOG})
@String(TIP   = {IEEE TIP})
@String(TVCG  = {IEEE TVCG})
@String(TCSVT = {IEEE TCSVT})
@String(TMM   =	{IEEE TMM})
@String(ACMMM = {ACM MM})
@String(ICME  =	{ICME})
@String(ICASSP=	{ICASSP})
@String(ICIP  = {ICIP})
@String(ACCV  = {ACCV})
@String(ICLR  = {ICLR})
@String(IJCAI = {IJCAI})
@String(PR = {PR})
@String(AAAI = {AAAI})
@String(CVPRW= {CVPRW})
@String(CSVT = {IEEE TCSVT})



@misc{Authors14,
 author = {FirstName LastName},
 title = {The frobnicatable foo filter},
 note = {Face and Gesture submission ID 324. Supplied as supplemental material {\tt fg324.pdf}},
 year = 2014
}

@misc{Authors14b,
 author = {FirstName LastName},
 title = {Frobnication tutorial},
 note = {Supplied as supplemental material {\tt tr.pdf}},
 year = 2014
}

@article{Alpher02,
author = {FirstName Alpher},
title = {Frobnication},
journal = PAMI,
volume = 12,
number = 1,
pages = {234--778},
year = 2002
}

@article{Alpher03,
author = {FirstName Alpher and  FirstName Fotheringham-Smythe},
title = {Frobnication revisited},
journal = {Journal of Foo},
volume = 13,
number = 1,
pages = {234--778},
year = 2003
}

@article{Alpher04,
author = {FirstName Alpher and FirstName Fotheringham-Smythe and FirstName Gamow},
title = {Can a machine frobnicate?},
journal = {Journal of Foo},
volume = 14,
number = 1,
pages = {234--778},
year = 2004
}

@inproceedings{Alpher05,
author = {FirstName Alpher and FirstName Gamow},
title = {Can a computer frobnicate?},
booktitle = CVPR,
pages = {234--778},
year = 2005
}

@misc{rombach2022highresolution,
      title={High-Resolution Image Synthesis with Latent Diffusion Models}, 
      author={Robin Rombach and Andreas Blattmann and Dominik Lorenz and Patrick Esser and Bj√∂rn Ommer},
      year={2022},
      eprint={2112.10752},
      archivePrefix={arXiv},
      primaryClass={cs.CV}
}

@article{bloomberg,
  author = {Leonardo Nicoletti and Dina Bass},
  title = {Humans are biased. Generative AI is even worse.},
  year = {2023},
  url = {https://www.bloomberg.com/graphics/2023-generative-ai-bias/},
  note = {Accessed: 2023-09-10}
}

@misc{luccioni2023stable,
      title={Stable Bias: Analyzing Societal Representations in Diffusion Models}, 
      author={Alexandra Sasha Luccioni and Christopher Akiki and Margaret Mitchell and Yacine Jernite},
      year={2023},
      eprint={2303.11408},
      archivePrefix={arXiv},
      primaryClass={cs.CY}
}

@misc{bolukbasi2016man,
      title={Man is to Computer Programmer as Woman is to Homemaker? Debiasing Word Embeddings}, 
      author={Tolga Bolukbasi and Kai-Wei Chang and James Zou and Venkatesh Saligrama and Adam Kalai},
      year={2016},
      eprint={1607.06520},
      archivePrefix={arXiv},
      primaryClass={cs.CL}
}

@misc{xu2018fairgan,
      title={FairGAN: Fairness-aware Generative Adversarial Networks}, 
      author={Depeng Xu and Shuhan Yuan and Lu Zhang and Xintao Wu},
      year={2018},
      eprint={1805.11202},
      archivePrefix={arXiv},
      primaryClass={cs.LG}
}

@misc{basu2023inspecting,
      title={Inspecting the Geographical Representativeness of Images from Text-to-Image Models}, 
      author={Abhipsa Basu and R. Venkatesh Babu and Danish Pruthi},
      year={2023},
      eprint={2305.11080},
      archivePrefix={arXiv},
      primaryClass={cs.CV}
}

@misc{mikolov2013exploiting,
      title={Exploiting Similarities among Languages for Machine Translation}, 
      author={Tomas Mikolov and Quoc V. Le and Ilya Sutskever},
      year={2013},
      eprint={1309.4168},
      archivePrefix={arXiv},
      primaryClass={cs.CL}
}

@inproceedings{NEURIPS2022_5474d9d4,
 author = {Gaviria Rojas, William and Diamos, Sudnya and Kini, Keertan and Kanter, David and Janapa Reddi, Vijay and Coleman, Cody},
 booktitle = {Advances in Neural Information Processing Systems},
 editor = {S. Koyejo and S. Mohamed and A. Agarwal and D. Belgrave and K. Cho and A. Oh},
 pages = {12979--12990},
 publisher = {Curran Associates, Inc.},
 title = {The Dollar Street Dataset: Images Representing the Geographic and Socioeconomic Diversity of the World},
 url = {https://proceedings.neurips.cc/paper_files/paper/2022/file/5474d9d43c0519aa176276ff2c1ca528-Paper-Datasets_and_Benchmarks.pdf},
 volume = {35},
 year = {2022}
}

@misc{ramaswamy2023geode,
      title={GeoDE: a Geographically Diverse Evaluation Dataset for Object Recognition}, 
      author={Vikram V. Ramaswamy and Sing Yu Lin and Dora Zhao and Aaron B. Adcock and Laurens van der Maaten and Deepti Ghadiyaram and Olga Russakovsky},
      year={2023},
      eprint={2301.02560},
      archivePrefix={arXiv},
      primaryClass={cs.CV}
}

@misc{cho2023dalleval,
      title={DALL-Eval: Probing the Reasoning Skills and Social Biases of Text-to-Image Generation Models}, 
      author={Jaemin Cho and Abhay Zala and Mohit Bansal},
      year={2023},
      eprint={2202.04053},
      archivePrefix={arXiv},
      primaryClass={cs.CV}
}

@misc{li2023blip2,
      title={BLIP-2: Bootstrapping Language-Image Pre-training with Frozen Image Encoders and Large Language Models}, 
      author={Junnan Li and Dongxu Li and Silvio Savarese and Steven Hoi},
      year={2023},
      eprint={2301.12597},
      archivePrefix={arXiv},
      primaryClass={cs.CV}
}

@inproceedings{Bulat_2017,
   title={How Far are We from Solving the 2D \& 3D Face Alignment Problem? (and a Dataset of 230,000 3D Facial Landmarks)},
   url={http://dx.doi.org/10.1109/ICCV.2017.116},
   DOI={10.1109/iccv.2017.116},
   booktitle={2017 IEEE International Conference on Computer Vision (ICCV)},
   publisher={IEEE},
   author={Bulat, Adrian and Tzimiropoulos, Georgios},
   year={2017},
   month=oct }

@misc{feng2022racially,
      title={Towards Racially Unbiased Skin Tone Estimation via Scene Disambiguation}, 
      author={Haiwen Feng and Timo Bolkart and Joachim Tesch and Michael J. Black and Victoria Abrevaya},
      year={2022},
      eprint={2205.03962},
      archivePrefix={arXiv},
      primaryClass={cs.CV}
}

@misc{bansal2022texttoimage,
      title={How well can Text-to-Image Generative Models understand Ethical Natural Language Interventions?}, 
      author={Hritik Bansal and Da Yin and Masoud Monajatipoor and Kai-Wei Chang},
      year={2022},
      eprint={2210.15230},
      archivePrefix={arXiv},
      primaryClass={cs.CL}
}

@misc{chuang2023debiasing,
      title={Debiasing Vision-Language Models via Biased Prompts}, 
      author={Ching-Yao Chuang and Varun Jampani and Yuanzhen Li and Antonio Torralba and Stefanie Jegelka},
      year={2023},
      eprint={2302.00070},
      archivePrefix={arXiv},
      primaryClass={cs.LG}
}

@misc{zhang2023itigen,
      title={ITI-GEN: Inclusive Text-to-Image Generation}, 
      author={Cheng Zhang and Xuanbai Chen and Siqi Chai and Chen Henry Wu and Dmitry Lagun and Thabo Beeler and Fernando De la Torre},
      year={2023},
      eprint={2309.05569},
      archivePrefix={arXiv},
      primaryClass={cs.CV}
}

@misc{ramesh2021zeroshot,
      title={Zero-Shot Text-to-Image Generation}, 
      author={Aditya Ramesh and Mikhail Pavlov and Gabriel Goh and Scott Gray and Chelsea Voss and Alec Radford and Mark Chen and Ilya Sutskever},
      year={2021},
      eprint={2102.12092},
      archivePrefix={arXiv},
      primaryClass={cs.CV}
}

@article{SolbesCanales2020SocializationOG,
  title={Socialization of Gender Stereotypes Related to Attributes and Professions Among Young Spanish School-Aged Children},
  author={Irene Solbes-Canales and Susana Valverde-Montesino and Pablo Herranz-Hern{\'a}ndez},
  journal={Frontiers in Psychology},
  year={2020},
  volume={11},
  url={https://api.semanticscholar.org/CorpusID:216106758}
}

@misc{parmar2022aliased,
      title={On Aliased Resizing and Surprising Subtleties in GAN Evaluation}, 
      author={Gaurav Parmar and Richard Zhang and Jun-Yan Zhu},
      year={2022},
      eprint={2104.11222},
      archivePrefix={arXiv},
      primaryClass={cs.CV}
}

@misc{peng2023kosmos2,
      title={Kosmos-2: Grounding Multimodal Large Language Models to the World}, 
      author={Zhiliang Peng and Wenhui Wang and Li Dong and Yaru Hao and Shaohan Huang and Shuming Ma and Furu Wei},
      year={2023},
      eprint={2306.14824},
      archivePrefix={arXiv},
      primaryClass={cs.CL}
}

@misc{radford2021learning,
      title={Learning Transferable Visual Models From Natural Language Supervision}, 
      author={Alec Radford and Jong Wook Kim and Chris Hallacy and Aditya Ramesh and Gabriel Goh and Sandhini Agarwal and Girish Sastry and Amanda Askell and Pamela Mishkin and Jack Clark and Gretchen Krueger and Ilya Sutskever},
      year={2021},
      eprint={2103.00020},
      archivePrefix={arXiv},
      primaryClass={cs.CV}
}


@inproceedings{sunandopaper, series={FAccT ‚Äô23},
   title={Easily Accessible Text-to-Image Generation Amplifies Demographic Stereotypes at Large Scale},
   url={http://dx.doi.org/10.1145/3593013.3594095},
   DOI={10.1145/3593013.3594095},
   booktitle={2023 ACM Conference on Fairness, Accountability, and Transparency},
   publisher={ACM},
   author={Bianchi, Federico and Kalluri, Pratyusha and Durmus, Esin and Ladhak, Faisal and Cheng, Myra and Nozza, Debora and Hashimoto, Tatsunori and Jurafsky, Dan and Zou, James and Caliskan, Aylin},
   year={2023},
   month=jun, collection={FAccT ‚Äô23} }

@misc{park2023understanding,
      title={Understanding the Latent Space of Diffusion Models through the Lens of Riemannian Geometry}, 
      author={Yong-Hyun Park and Mingi Kwon and Jaewoong Choi and Junghyo Jo and Youngjung Uh},
      year={2023},
      eprint={2307.12868},
      archivePrefix={arXiv},
      primaryClass={cs.CV}
}

@misc{wang2023interpolating,
      title={Interpolating between Images with Diffusion Models}, 
      author={Clinton J. Wang and Polina Golland},
      year={2023},
      eprint={2307.12560},
      archivePrefix={arXiv},
      primaryClass={cs.CV}
}

@misc{sagawa2020distributionally,
      title={Distributionally Robust Neural Networks for Group Shifts: On the Importance of Regularization for Worst-Case Generalization}, 
      author={Shiori Sagawa and Pang Wei Koh and Tatsunori B. Hashimoto and Percy Liang},
      year={2020},
      eprint={1911.08731},
      archivePrefix={arXiv},
      primaryClass={cs.LG}
}

@misc{jain2021imperfect,
      title={Imperfect ImaGANation: Implications of GANs Exacerbating Biases on Facial Data Augmentation and Snapchat Selfie Lenses}, 
      author={Niharika Jain and Alberto Olmo and Sailik Sengupta and Lydia Manikonda and Subbarao Kambhampati},
      year={2021},
      eprint={2001.09528},
      archivePrefix={arXiv},
      primaryClass={cs.LG}
}

@misc{friedrich2023fair,
      title={Fair Diffusion: Instructing Text-to-Image Generation Models on Fairness}, 
      author={Felix Friedrich and Manuel Brack and Lukas Struppek and Dominik Hintersdorf and Patrick Schramowski and Sasha Luccioni and Kristian Kersting},
      year={2023},
      eprint={2302.10893},
      archivePrefix={arXiv},
      primaryClass={cs.LG}
}


@article{verge2024gemini,
  title={Google's AI model Gemini criticized for generating historically inaccurate images},
  author={Adi Robertson},
  journal={The Verge},
  year={2024},
  month={February},
  day={21},
  url={https://www.theverge.com/2024/2/21/24079371/google-ai-gemini-generative-inaccurate-historical}
}

@misc{dwork2011fairness,
      title={Fairness Through Awareness}, 
      author={Cynthia Dwork and Moritz Hardt and Toniann Pitassi and Omer Reingold and Rich Zemel},
      year={2011},
      eprint={1104.3913},
      archivePrefix={arXiv},
      primaryClass={cs.CC}
}

@misc{besse2020survey,
      title={A survey of bias in Machine Learning through the prism of Statistical Parity for the Adult Data Set}, 
      author={Philippe Besse and Eustasio del Barrio and Paula Gordaliza and Jean-Michel Loubes and Laurent Risser},
      year={2020},
      eprint={2003.14263},
      archivePrefix={arXiv},
      primaryClass={stat.ML}
}

@Inbook{Vapnik2015,
author="Vapnik, V. N.
and Chervonenkis, A. Ya.",
title="On the Uniform Convergence of Relative Frequencies of Events to Their Probabilities",
publisher="Springer International Publishing",
pages="11--30",
bookTitle="Measures of Complexity: Festschrift for Alexey Chervonenkis",
year="2015",
doi="10.1007/978-3-319-21852-6_3",
url="https://doi.org/10.1007/978-3-319-21852-6_3"
}

